<?xml version="1.0" encoding="UTF-8"?><collection xmlns="http://www.loc.gov/MARC21/slim"><record><leader>00336nam--2200133-i-4500</leader><controlfield tag="001">000010878</controlfield><controlfield tag="002">20161230</controlfield><controlfield tag="005">20161230201029</controlfield><controlfield tag="008">060222s1000------------r-----000-0-eng-d</controlfield><datafield ind1=" " ind2=" " tag="080"><subfield code="a">5(091)</subfield></datafield><datafield ind1=" " ind2=" " tag="100"><subfield code="a">Buchanan, Scott</subfield></datafield><datafield ind1=" " ind2=" " tag="245"><subfield code="a">Truth in the sciences</subfield></datafield><datafield ind1=" " ind2=" " tag="260"><subfield code="a">Virginia, The University Press Of Virginia, 1972. 177 P</subfield></datafield><datafield ind1=" " ind2=" " tag="852"><subfield code="a">39866</subfield></datafield></record></collection>